@article{largescale_ranksvm,
 author = {Lee, Ching-Pei and Lin, Chih-Jen},
 title = {Large-scale Linear {RankSVM}},
 journal = {Neural Computing},
 issue_date = {April 2014},
 volume = {26},
 number = {4},
 month = apr,
 year = {2014},
 pages = {781--817},
 numpages = {37},
 publisher = {MIT Press},
 address = {Cambridge, MA, USA},
} 

@INPROCEEDINGS{mccallum98nb,
    author = {Andrew McCallum and Kamal Nigam},
    title = {A comparison of event models for Naive Bayes text classification},
    booktitle = {In AAAI-98 Workshop On Learning For Text Categorization},
    year = {1998},
    pages = {41--48},
    publisher = {AAAI Press}
}

@book{manning_ir,
 author = {Manning, Christopher D. and Raghavan, Prabhakar and Sch\"{u}tze, Hinrich},
 title = {Introduction to Information Retrieval},
 year = {2008},
 isbn = {0521865719, 9780521865715},
 publisher = {Cambridge University Press},
 address = {New York, NY, USA},
}

@article{liblinear,
  author    = {Rong{-}En Fan and
               Kai{-}Wei Chang and
               Cho{-}Jui Hsieh and
               Xiang{-}Rui Wang and
               Chih{-}Jen Lin},
  title     = {{LIBLINEAR:} {A} Library for Large Linear Classification},
  journal   = {Journal of Machine Learning Research},
  volume    = {9},
  pages     = {1871--1874},
  year      = {2008}
}

@inproceedings{chiarandini,
  author    = {Luca Chiarandini and
               Przemyslaw A. Grabowicz and
               Michele Trevisiol and
               Alejandro Jaimes},
  title     = {Leveraging Browsing Patterns for Topic Discovery and Photostream Recommendation},
  booktitle = {Proceedings of the Seventh International Conference on Weblogs and
               Social Media, {ICWSM} 2013, Cambridge, Massachusetts, USA, July 8-11,
               2013.},
  year      = {2013}
}

@inproceedings{diplaris,
  author    = {Sotiris Diplaris and
               Symeon Papadopoulos and
               Ioannis Kompatsiaris and
               Ayse G{\"{o}}ker and
               Andrew MacFarlane and
               Jochen Spangenberg and
               Hakim Hacid and
               Linas Maknavicius and
               Matthias Klusch},
  title     = {SocialSensor: sensing user generated input for improved media discovery
               and experience},
  booktitle = {Proceedings of the 21st World Wide Web Conference, {WWW} 2012, Lyon,
               France, April 16-20, 2012 (Companion Volume)},
  pages     = {243--246},
  year      = {2012}
}

@article{aiello,
  author    = {Luca Maria Aiello and
               Georgios Petkos and
               Carlos J. Mart{\'{\i}}n and
               David Corney and
               Symeon Papadopoulos and
               Ryan Skraba and
               Ayse G{\"{o}}ker and
               Ioannis Kompatsiaris and
               Alejandro Jaimes},
  title     = {Sensing Trending Topics in Twitter},
  journal   = {{IEEE} Transactions on Multimedia},
  volume    = {15},
  number    = {6},
  pages     = {1268--1282},
  year      = {2013}
}

@inproceedings{yamamoto,
  author    = {Shuhei Yamamoto and
               Tetsuji Satoh},
  title     = {Hierarchical Estimation Framework of Multi-Label Classifying: A
               Case of Tweets Classifying into Real Life Aspects},
  booktitle = {Proceedings of the Ninth International Conference on Web and Social
               Media, {ICWSM} 2015, University of Oxford, Oxford, UK, May 26-29,
               2015},
  pages     = {523--532},
  year      = {2015}
}

@inproceedings{wei,
  author    = {Wei Wei and
               Kenneth Joseph and
               Wei Lo and
               Kathleen M. Carley},
  title     = {A Bayesian Graphical Model to Discover Latent Events from Twitter},
  booktitle = {Proceedings of the Ninth International Conference on Web and Social
               Media, {ICWSM} 2015, University of Oxford, Oxford, UK, May 26-29,
               2015},
  pages     = {503--512},
  year      = {2015}
}

@inproceedings{chen,
 author = {Chen, Kailong and Chen, Tianqi and Zheng, Guoqing and Jin, Ou and Yao, Enpeng and Yu, Yong},
 title = {Collaborative Personalized Tweet Recommendation},
 booktitle = {Proceedings of the 35th International ACM SIGIR Conference on Research and Development in Information Retrieval},
 series = {SIGIR '12},
 year = {2012},
 isbn = {978-1-4503-1472-5},
 location = {Portland, Oregon, USA},
 pages = {661--670},
 numpages = {10},
 url = {http://doi.acm.org/10.1145/2348283.2348372},
 doi = {10.1145/2348283.2348372},
 acmid = {2348372},
 publisher = {ACM},
 address = {New York, NY, USA},
 keywords = {collaborative ranking, personalization, tweet recommendation, twitter}
} 

@inproceedings{yan,
 author = {Yan, Rui and Lapata, Mirella and Li, Xiaoming},
 title = {Tweet Recommendation with Graph Co-ranking},
 booktitle = {Proceedings of the 50th Annual Meeting of the Association for Computational Linguistics: Long Papers - Volume 1},
 series = {ACL '12},
 year = {2012},
 location = {Jeju Island, Korea},
 pages = {516--525},
 numpages = {10},
 url = {http://dl.acm.org/citation.cfm?id=2390524.2390597},
 acmid = {2390597},
 publisher = {Association for Computational Linguistics},
 address = {Stroudsburg, PA, USA}
} 

@inproceedings{Krestel,
 author = {Krestel, Ralf and Werkmeister, Thomas and Wiradarma, Timur Pratama and Kasneci, Gjergji},
 title = {Tweet-Recommender: Finding Relevant Tweets for News Articles},
 booktitle = {Proceedings of the 24th International Conference on World Wide Web},
 series = {WWW '15 Companion},
 year = {2015},
 isbn = {978-1-4503-3473-0},
 location = {Florence, Italy},
 pages = {53--54},
 numpages = {2},
 url = {http://dx.doi.org/10.1145/2740908.2742716},
 doi = {10.1145/2740908.2742716},
 acmid = {2742716},
 publisher = {International World Wide Web Conferences Steering Committee},
 address = {Republic and Canton of Geneva, Switzerland},
 keywords = {news articles, recommender systems, twitter}
} 

@inproceedings{cuiZhang,
  author    = {Anqi Cui and
               Min Zhang and
               Yiqun Liu and
               Shaoping Ma and
               Kuo Zhang},
  title     = {Discover breaking events with popular hashtags in {Twitter}},
  booktitle = {21st {ACM} International Conference on Information and Knowledge Management,
               CIKM'12, Maui, HI, USA, October 29 - November 02, 2012},
  pages     = {1794--1798},
  year      = {2012}
}

@inproceedings{richardson,
  title={Mining knowledge-sharing sites for viral marketing},
  author={Richardson, Matthew and Domingos, Pedro},
  booktitle={Proceedings of the eighth ACM SIGKDD international conference on Knowledge discovery and data mining},
  pages={61--70},
  year={2002},
  organization={ACM}
}
@article{PewResearchCenter,
author = {PewResearchCenter},
title = {Social Networking Fact Sheet},
journal = {Retrieved from http://www.pewinternet.org/fact-sheets/social-networking-fact-sheet},
year = {2015}
}

@article{barabasi,
  author    = {R{\'{e}}ka Albert and
               Albert{-}L{\'{a}}szl{\'{o}} Barab{\'{a}}si},
  title     = {Statistical mechanics of complex networks},
  journal   = {CoRR},
  volume    = {cond-mat/0106096},
  year      = {2001}
}

@phdthesis{bloom,
  title={Sentiment analysis based on appraisal theory and functional local grammars},
  author={Bloom, Kenneth},
  year={2011},
  school={Illinois Institute of Technology}
}

@inproceedings{mullen,
  title={Sentiment Analysis using Support Vector Machines with Diverse Information Sources.},
  author={Mullen, Tony and Collier, Nigel},
  booktitle={EMNLP},
  volume={4},
  pages={412--418},
  year={2004}
}

@book{kamps,
  title={Words with attitude},
  author={Kamps, Jaap and Marx, Maarten and Mokken, Robert J and de Rijke, Marten},
  year={2001},
  publisher={Citeseer}
}


@book{heise,
  title={Expressive order: Confirming sentiments in social actions},
  author={Heise, David R},
  year={2007},
  publisher={Springer Science \& Business Media}
}

@incollection{hovy,
  title={What are Sentiment, Affect, and Emotion? Applying the Methodology of Michael Zock to Sentiment Analysis},
  author={Hovy, Eduard H},
  booktitle={Language Production, Cognition, and the Lexicon},
  pages={13--24},
  year={2015},
  publisher={Springer}
}

@article{hullermeier,
  author    = {Eyke H{\"{u}}llermeier and
               Johannes F{\"{u}}rnkranz and
               Weiwei Cheng and
               Klaus Brinker},
  title     = {Label ranking by learning pairwise preferences},
  journal   = {Artif. Intell.},
  volume    = {172},
  number    = {16-17},
  pages     = {1897--1916},
  year      = {2008}
}

@inproceedings{mathioudakis,
  author    = {Michael Mathioudakis and
               Nick Koudas},
  title     = {TwitterMonitor: trend detection over the {Twitter} stream},
  booktitle = {Proceedings of the {ACM} {SIGMOD} International Conference on Management
               of Data, {SIGMOD} 2010, Indianapolis, Indiana, USA},
  pages     = {1155--1158},
  year      = {2010}
}

@INPROCEEDINGS{sakakiDrive, 
author={Sakaki, T. and Matsuo, Y. and Yanagihara, T. and Chandrasiri, N.P. and Nawa, K.}, 
booktitle={Cyber Technology in Automation, Control, and Intelligent Systems (CYBER), 2012 IEEE International Conference on}, 
title={Real-time event extraction for driving information from social sensors}, 
year={2012}, 
month={May}, 
pages={221-226}, 
keywords={automated highways;pattern classification;road traffic;social networking (online);text analysis;traffic engineering computing;ITS;Twitter;car navigation system;driving information;geographical coordinate;information acquisition;intelligent transportation system;realtime event extraction;social media;social sensor;text-based classification method;Data mining;Dictionaries;Media;Rain;Twitter;Vehicles}, 
doi={10.1109/CYBER.2012.6392557},}

@inproceedings{ref2,
  author    = {Michael J. Paul and
               Mark Dredze},
  title     = {You Are What You Tweet: Analyzing {Twitter} for Public Health},
  booktitle = {Proceedings of the Fifth International Conference on Weblogs and Social
               Media, Barcelona, Catalonia, Spain, July 17-21, 2011},
  year      = {2011}
}

@ARTICLE{sakakiEq2, 
author={Sakaki, T. and Okazaki, M. and Matsuo, Y.}, 
journal={Knowledge and Data Engineering, IEEE Transactions on}, 
title={Tweet Analysis for Real-Time Event Detection and Earthquake Reporting System Development}, 
year={2013}, 
month={April}, 
volume={25}, 
number={4}, 
pages={919-931}
}

@inproceedings{sakakiEq1,
  author    = {Takeshi Sakaki and
               Makoto Okazaki and
               Yutaka Matsuo},
  title     = {Earthquake shakes {Twitter} users: real-time event detection by social
               sensors},
  booktitle = {Proceedings of the 19th International Conference on World Wide Web,
               {WWW} 2010, Raleigh, North Carolina, USA, April 26-30, 2010},
  pages     = {851--860},
  year      = {2010}
}

@article{sandy,
  author    = {Yury Kryvasheyeu and
               Haohui Chen and
               Esteban Moro and
               Pascal Van Hentenryck and
               Manuel Cebri{\'{a}}n},
  title     = {Performance of Social Network Sensors During Hurricane Sandy},
  journal={PLoS one},
  volume    = {abs/1402.2482},
  year      = {2014}
}

@inproceedings{vieweg,
  author    = {Sarah Vieweg and
               Amanda L. Hughes and
               Kate Starbird and
               Leysia Palen},
  title     = {Microblogging during two natural hazards events: what {Twitter} may
               contribute to situational awareness},
  booktitle = {Proceedings of the 28th International Conference on Human Factors
               in Computing Systems, {CHI} 2010, Atlanta, Georgia, USA, April 10-15,
               2010},
  pages     = {1079--1088},
  year      = {2010}
}

@book{starbird,
  title={Pass it on?: Retweeting in mass emergency},
  author={Starbird, Kate and Palen, Leysia},
  year={2010},
  publisher={International Community on Information Systems for Crisis Response and Management}
}

@inproceedings{petrovic,
 author = {Petrovi\'{c}, Sa\v{s}a and Osborne, Miles and Lavrenko, Victor},
 title = {Streaming First Story Detection with Application to Twitter},
 booktitle = {Human Language Technologies: The 2010 Annual Conference of the North American Chapter of the Association for Computational Linguistics},
 series = {HLT '10},
 year = {2010},
 isbn = {1-932432-65-5},
 location = {Los Angeles, California},
 pages = {181--189},
 numpages = {9},
 url = {http://dl.acm.org/citation.cfm?id=1857999.1858020},
 acmid = {1858020},
 publisher = {Association for Computational Linguistics},
 address = {Stroudsburg, PA, USA}
} 

@inproceedings{wangLee,
  author    = {Jianshu Weng and
               Bu{-}Sung Lee},
  title     = {Event Detection in {Twitter}},
  booktitle = {Proceedings of the Fifth International Conference on Weblogs and Social
               Media, Barcelona, Catalonia, Spain, July 17-21, 2011},
  year      = {2011}
}

@book{ref9,
  author    = {David A. Easley and
               Jon M. Kleinberg},
  title     = {Networks, Crowds, and Markets - Reasoning About a Highly Connected World},
  publisher = {Cambridge University Press},
  year      = {2010}
}

@inproceedings{socialsensor,
  title={Socialsensor: sensing user generated input for improved media discovery and experience},
  author={Diplaris, Sotiris and Papadopoulos, Symeon and Kompatsiaris, Ioannis and Goker, Ayse and Macfarlane, Andrew and Spangenberg, Jochen and Hacid, Hakim and Maknavicius, Linas and Klusch, Matthias},
  booktitle={Proceedings of the 21st international conference companion on World Wide Web},
  pages={243--246},
  year={2012},
  organization={ACM}
}

@inproceedings{albakour,
 author = {Albakour, M-Dyaa and Macdonald, Craig and Ounis, Iadh},
 title = {Identifying Local Events by Using Microblogs As Social Sensors},
 booktitle = {Proceedings of the 10th Conference on Open Research Areas in Information Retrieval},
 series = {OAIR '13},
 year = {2013}
}

@article{garcia,
  author    = {Manuel Garc{\'{\i}}a{-}Herranz and
               Esteban Moro Egido and
               Manuel Cebri{\'{a}}n and
               Nicholas A. Christakis and
               James H. Fowler},
  title     = {Using Friends as Sensors to Detect Global-Scale Contagious Outbreaks},
  journal={PloS one},
  volume    = {abs/1211.6512},
  year      = {2012}
}

@inproceedings{culotta,
 author = {Culotta, Aron},
 title = {Towards Detecting Influenza Epidemics by Analyzing {Twitter} Messages},
 booktitle = {Proceedings of the First Workshop on Social Media Analytics},
 series = {SOMA '10},
 year = {2010}
}

@inproceedings{aramaki,
 author = {Aramaki, Eiji and Maskawa, Sachiko and Morita, Mizuki},
 title = {Twitter Catches the Flu: Detecting Influenza Epidemics Using {Twitter}},
 booktitle = {Proceedings of the Conference on Empirical Methods in Natural Language Processing},
 series = {EMNLP '11},
 year = {2011}
}

@inproceedings{fung,
  author    = {Gabriel Pui Cheong Fung and
               Jeffrey Xu Yu and
               Philip S. Yu and
               Hongjun Lu},
  title     = {Parameter Free Bursty Events Detection in Text Streams},
  booktitle = {Proceedings of the 31st International Conference on Very Large Data
               Bases, Trondheim, Norway, August 30 - September 2, 2005},
  pages     = {181--192},
  year      = {2005}
}

@article{zhaoSports,
  author    = {Siqi Zhao and
               Lin Zhong and
               Jehan Wickramasuriya and
               Venu Vasudevan},
  title     = {Human as Real-Time Sensors of Social and Physical Events: {A} Case
               Study of {Twitter} and Sports Games},
  journal   = {Technical Report TR0620-2011, Rice University and Motorola Mobility},
  volume    = {abs/1106.4300},
  year      = {2011}
}


@article{kosinski2013private,
  title={Private traits and attributes are predictable from digital records of human behavior},
  author={Kosinski, Michal and Stillwell, David and Graepel, Thore},
  journal={Proceedings of the National Academy of Sciences},
  volume={110},
  number={15},
  pages={5802--5805},
  year={2013},
  publisher={National Acad Sciences}
}

@inproceedings{cordeiro,
  title={Twitter event detection: Combining wavelet analysis and topic inference summarization},
  author={Cordeiro, M{\'a}rio},
  booktitle={Doctoral Symposium on Informatics Engineering, DSIE},
  year={2012}
}

@article{caren2011occupy,
  title={Occupy online: Facebook and the spread of Occupy Wall Street},
  author={Caren, Neal and Gaby, Sarah},
  journal={Available at SSRN 1943168},
  year={2011}
}

@article{panglee,
  author    = {Bo Pang and
               Lillian Lee and
               Shivakumar Vaithyanathan},
  title     = {Thumbs up? Sentiment Classification using Machine Learning Techniques},
  journal={Proceedings of the ACL-02 conference on Empirical methods in natural language processing-Volume 10},
  volume    = {cs.CL/0205070},
  year      = {2002}
}

@inproceedings{davelawrence,
 author = {Dave, Kushal and Lawrence, Steve and Pennock, David M.},
 title = {Mining the Peanut Gallery: Opinion Extraction and Semantic Classification of Product Reviews},
 booktitle = {Proceedings of the 12th International Conference on World Wide Web},
 series = {WWW '03},
 year = {2003}
}

@inproceedings{airoldi,
 author = {Airoldi, Edoardo and Bai, Xue and Padman, Rema},
 title = {Markov Blankets and Meta-heuristics Search: Sentiment Extraction from Unstructured Texts},
 booktitle = {Proceedings of the 6th International Conference on Knowledge Discovery on the Web: Advances in Web Mining and Web Usage Analysis},
 series = {WebKDD'04},
 year = {2006},
 publisher = {Springer-Verlag},
}

@inproceedings{pakpar,
  author    = {Alexander Pak and
               Patrick Paroubek},
  title     = {Twitter as a Corpus for Sentiment Analysis and Opinion Mining},
  booktitle = {Proceedings of the International Conference on Language Resources
               and Evaluation, {LREC} 2010, 17-23 May 2010, Valletta, Malta},
  year      = {2010}
}

@inproceedings{nichols,
  author    = {Jeffrey Nichols and
               Jalal Mahmud and
               Clemens Drews},
  title     = {Summarizing sporting events using {Twitter}},
  booktitle = {17th International Conference on Intelligent User Interfaces, IUI
               '12, Lisbon, Portugal, February 14-17, 2012},
  pages     = {189--198},
  year      = {2012}
}

@article{rosi,
  author    = {Alberto Rosi and
               Marco Mamei and
               Franco Zambonelli},
  title     = {Integrating social sensors and pervasive services: approaches and
               perspectives},
  journal   = {Int. J. Pervasive Computing and Communications},
  volume    = {9},
  number    = {4},
  pages     = {294--310},
  year      = {2013}
}

@inproceedings{yang,
  author    = {Yiming Yang and
               Thomas Pierce and
               Jaime G. Carbonell},
  title     = {A Study of Retrospective and On-Line Event Detection},
  booktitle = {SIGIR '98: Proceedings of the 21st Annual International (ACM) (SIGIR)
               Conference on Research and Development in Information Retrieval, August
               24-28 1998, Melbourne, Australia},
  pages     = {28--36},
  year      = {1998}
}

@article{thelwallEvent,
  author    = {Mike Thelwall and
               Kevan Buckley and
               Georgios Paltoglou},
  title     = {Sentiment in {Twitter} events},
  journal   = {{JASIST}},
  volume    = {62},
  number    = {2},
  pages     = {406--418},
  year      = {2011}
}

@article{thelwallSenti,
  author    = {Mike Thelwall and
               Kevan Buckley and
               Georgios Paltoglou and
               Di Cai and
               Arvid Kappas},
  title     = {Sentiment in short strength detection informal text},
  journal   = {{JASIST}},
  volume    = {61},
  number    = {12},
  pages     = {2544--2558},
  year      = {2010}
}

@inproceedings{tumasjan,
  author    = {Andranik Tumasjan and
               Timm Oliver Sprenger and
               Philipp G. Sandner and
               Isabell M. Welpe},
  title     = {Predicting Elections with {Twitter}: What 140 Characters Reveal about
               Political Sentiment},
  booktitle = {Proceedings of the Fourth International Conference on Weblogs and
               Social Media, {ICWSM} 2010, Washington, DC, USA, May 23-26, 2010},
  year      = {2010}
}

@misc{LWIC07,
  title={The development and psychometric properties of LIWC2007. Austin, TX, LIWC. Net.},
  author={Pennebaker, James W and Chung, Cindy K and Ireland, Molly and Gonzales, Amy and Booth, Roger J},
  year={2007}
}

@inproceedings{mejova,
  author    = {Yelena Mejova and
               Padmini Srinivasan and
               Bob Boynton},
  title     = {{GOP} primary season on {Twitter}: "popular" political sentiment in
               social media},
  booktitle = {Sixth {ACM} International Conference on Web Search and Data Mining,
               {WSDM} 2013, Rome, Italy, February 4-8, 2013},
  pages     = {517--526},
  year      = {2013}
}

@article{jensen,
  author    = {Bernard J. Jansen and
               Mimi Zhang and
               Kate Sobel and
               Abdur Chowdury},
  title     = {Twitter power: Tweets as electronic word of mouth},
  journal   = {{JASIST}},
  volume    = {60},
  number    = {11},
  pages     = {2169--2188},
  year      = {2009}
}

@incollection{liu09,
  author    = {Bing Liu},
  title     = {Opinion Mining},
  booktitle = {Encyclopedia of Database Systems},
  pages     = {1986--1990},
  year      = {2009}
}

@article{go,
  title={Twitter sentiment analysis},
  author={Go, Alec and Huang, Lei and Bhayani, Richa},
  journal={ Final Projects from CS224N for
Spring 2008/2009 at The Stanford Natural Language
Processing Group},
  year = {2009}
}

@inproceedings{jiang,
  author    = {Keyuan Jiang and
               Yujing Zheng},
  title     = {Mining {Twitter} Data for Potential Drug Effects},
  booktitle = {Advanced Data Mining and Applications, 9th International Conference,
               {ADMA} 2013, Hangzhou, China, December 14-16, 2013, Proceedings, Part
               {I}},
  pages     = {434--443},
  year      = {2013}
}

@inproceedings{aronson,
  author    = {Alan R. Aronson},
  title     = {Effective mapping of biomedical text to the {UMLS} Metathesaurus:
               the MetaMap program},
  booktitle = {{AMIA} 2001, American Medical Informatics Association Annual Symposium,
               Washington, DC, USA, November 3-7, 2001},
  year      = {2001}
}

@inproceedings{bian,
  author    = {Jiang Bian and
               Umit Topaloglu and
               Fan Yu},
  title     = {Towards large-scale {Twitter} mining for drug-related adverse events},
  booktitle = {Proceedings of the 2012 International Workshop on Smart Health and
               Wellbeing, {SHB} 2012, October 29, 2012, Maui, HI, {USA}},
  pages     = {25--32},
  year      = {2012}
}

@inproceedings{oconnor,
  title={Pharmacovigilance on {Twitter}? Mining Tweets for adverse drug reactions},
  author={O’Connor, Karen and Pimpalkhute, Pranoti and Nikfarjam, Azadeh and Ginn, Rachel and Smith, Karen L and Gonzalez, Graciela},
  booktitle={AMIA Annual Symposium Proceedings},
  volume={2014},
  pages={924},
  year={2014},
  organization={American Medical Informatics Association}
}

@inproceedings{kouloumpis,
  author    = {Efthymios Kouloumpis and
               Theresa Wilson and
               Johanna D. Moore},
  title     = {Twitter Sentiment Analysis: The Good the Bad and the OMG!},
  booktitle = {Proceedings of the Fifth International Conference on Weblogs and Social
               Media, Barcelona, Catalonia, Spain, July 17-21, 2011},
  year      = {2011}
}

@inproceedings{cheong,
  author    = {France Cheong and
               Christopher Cheong},
  title     = {Social Media Data Mining: {A} Social Network Analysis Of Tweets During
               The 2010-2011 Australian Floods},
  booktitle = {Pacific Asia Conference on Information Systems, {PACIS} 2011: Quality
               Research in Pacific Asia, Brisbane, Queensland, Australia, 7-11 July
               2011},
  pages     = {46},
  year      = {2011}
}

@article{feld,
  title={Why your friends have more friends than you do},
  author={Feld, Scott L},
  journal={American Journal of Sociology},
  pages={1464--1477},
  year={1991},
  publisher={JSTOR}
}

@inproceedings{zhangPenn,
  author    = {Yongzheng Zhang and
               Marco Pennacchiotti},
  title     = {Predicting purchase behaviors from social media},
  booktitle = {22nd International World Wide Web Conference, {WWW} '13, Rio de Janeiro,
               Brazil, May 13-17, 2013},
  pages     = {1521--1532},
  year      = {2013}
}

@inproceedings{zhangPenn2,
  author    = {Yongzheng Zhang and
               Marco Pennacchiotti},
  title     = {Recommending branded products from social media},
  booktitle = {Seventh {ACM} Conference on Recommender Systems, RecSys '13, Hong
               Kong, China, October 12-16, 2013},
  pages     = {77--84},
  year      = {2013}
}


@inproceedings{quercia,
  author    = {Daniele Quercia and
               Michal Kosinski and
               David Stillwell and
               Jon Crowcroft},
  title     = {Our {Twitter} Profiles, Our Selves: Predicting Personality with {Twitter}},
  booktitle = {PASSAT/SocialCom 2011, Privacy, Security, Risk and Trust (PASSAT),
               2011 {IEEE} Third International Conference on and 2011 {IEEE} Third
               International Conference on Social Computing (SocialCom), Boston,
               MA, USA},
  pages     = {180--185},
  year      = {2011}
}

@inproceedings{zafarani,
  author    = {Mohammad Ali Abbasi and
               Reza Zafarani and
               Jiliang Tang and
               Huan Liu},
  title     = {Am I more similar to my followers or followees?: analyzing homophily
               effect in directed social networks},
  booktitle = {25th {ACM} Conference on Hypertext and Social Media, {HT} '14, Santiago,
               Chile, September 1-4, 2014},
  pages     = {200--205},
  year      = {2014}
}

@inproceedings{suvash,
  author    = {Suvash Sedhain and
               Scott Sanner and
               Lexing Xie and
               Riley Kidd and
               Khoi{-}Nguyen Tran and
               Peter Christen},
  title     = {Social affinity filtering: recommendation through fine-grained analysis
               of user interactions and activities},
  booktitle = {Conference on Online Social Networks, COSN'13, Boston, MA, USA, October
               7-8, 2013},
  pages     = {51--62},
  year      = {2013}
}

@article{golbeck,
  author    = {Jennifer Golbeck and
               Derek L. Hansen},
  title     = {A method for computing political preference among {Twitter} followers},
  journal   = {Social Networks},
  volume    = {36},
  pages     = {177--184},
  year      = {2014}
}

@inproceedings{abbasnejad,
  author    = {Ehsan Abbasnejad and
               Scott Sanner and
               Edwin V. Bonilla and
               Pascal Poupart},
  title     = {Learning Community-Based Preferences via Dirichlet Process Mixtures
               of Gaussian Processes},
  booktitle = {{IJCAI} 2013, Proceedings of the 23rd International Joint Conference
               on Artificial Intelligence, Beijing, China, August 3-9, 2013},
  year      = {2013}
}

@book{kleinberg,
  author    = {David A. Easley and
               Jon M. Kleinberg},
  title     = {Networks, Crowds, and Markets - Reasoning About a Highly Connected
               World},
  publisher = {Cambridge University Press},
  year      = {2010}
}

@article{liwc,
  title={The psychological meaning of words: LIWC and computerized text analysis methods},
  author={Tausczik, Yla R and Pennebaker, James W},
  journal={Journal of language and social psychology},
  volume={29},
  number={1},
  pages={24--54},
  year={2010},
  publisher={Sage Publications}
}

@inproceedings{mitra,
  author    = {Tanushree Mitra and
               Eric Gilbert},
  title     = {Have You Heard?: How Gossip Flows Through Workplace Email},
  booktitle = {Proceedings of the Sixth International Conference on Weblogs and Social
               Media, Dublin, Ireland, June 4-7, 2012},
  year      = {2012}
}

@article{bollen,
  author    = {Johan Bollen and
               Huina Mao and
               Xiao{-}Jun Zeng},
  title     = {Twitter mood predicts the stock market},
  journal   = {J. Comput. Science},
  volume    = {2},
  number    = {1},
  pages     = {1--8},
  year      = {2011}
}

@book{martin,
  title={The language of evaluation},
  author={Martin, James R and White, Peter R},
  year={2003},
  publisher={Palgrave Macmillan}
}

@inproceedings{whitelaw,
  author    = {Casey Whitelaw and
               Navendu Garg and
               Shlomo Argamon},
  title     = {Using appraisal groups for sentiment analysis},
  booktitle = {Proceedings of the 2005 {ACM} {CIKM} International Conference on Information
               and Knowledge Management, Bremen, Germany, October 31 - November 5,
               2005},
  pages     = {625--631},
  year      = {2005},
  timestamp = {Fri, 10 Feb 2006 16:04:30 +0100}
}

@article{osgood,
  title={The nature and measurement of meaning.},
  author={Osgood, Charles E},
  journal={Psychological bulletin},
  volume={49},
  number={3},
  pages={197},
  year={1952},
  publisher={American Psychological Association}
}

@article{wangStructure,
  title={Complex networks: small-world, scale-free and beyond},
  author={Wang, Xiao Fan and Chen, Guanrong},
  journal={Circuits and Systems Magazine, IEEE},
  volume={3},
  number={1},
  pages={6--20},
  year={2003},
  publisher={IEEE}
}

@article{may,
  title={Infection dynamics on scale-free networks},
  author={May, Robert M and Lloyd, Alun L},
  journal={Physical Review E},
  volume={64},
  number={6},
  pages={066112},
  year={2001},
  publisher={APS}
}

@article{crammer,
  title={Online passive-aggressive algorithms},
  author={Crammer, Koby and Dekel, Ofer and Keshet, Joseph and Shalev-Shwartz, Shai and Singer, Yoram},
  journal={The Journal of Machine Learning Research},
  volume={7},
  pages={551--585},
  year={2006},
  publisher={JMLR. org}
}

@inproceedings{can,
  author    = {Ethem F. Can and
               H{\"{u}}seyin Oktay and
               R. Manmatha},
  title     = {Predicting retweet count using visual cues},
  booktitle = {22nd {ACM} International Conference on Information and Knowledge Management,
               CIKM'13, San Francisco, CA, USA, October 27 - November 1, 2013},
  pages     = {1481--1484},
  year      = {2013}
}

@inproceedings{hong,
  author    = {Liangjie Hong and
               Ovidiu Dan and
               Brian D. Davison},
  title     = {Predicting popular messages in {Twitter}},
  booktitle = {Proceedings of the 20th International Conference on World Wide Web,
               {WWW} 2011, Hyderabad, India, March 28 - April 1, 2011 (Companion
               Volume)},
  pages     = {57--58},
  year      = {2011}
}

@inproceedings{xu,
  author    = {Zhiheng Xu and
               Qing Yang},
  title     = {Analyzing User Retweet Behavior on {Twitter}},
  booktitle = {International Conference on Advances in Social Networks Analysis and
               Mining, {ASONAM} 2012, Istanbul, Turkey, 26-29 August 2012},
  pages     = {46--50},
  year      = {2012}
}

@inproceedings{feng,
  author    = {Wei Feng and
               Jianyong Wang},
  title     = {Retweet or not? personalized tweet re-ranking},
  booktitle = {Sixth {ACM} International Conference on Web Search and Data Mining,
               {WSDM} 2013, Rome, Italy, February 4-8, 2013},
  pages     = {577--586},
  year      = {2013}
}

@inproceedings{guo,
  author    = {Shengbo Guo and
               Scott Sanner},
  title     = {Real-time Multiattribute Bayesian Preference Elicitation with Pairwise
               Comparison Queries},
  booktitle = {Proceedings of the Thirteenth International Conference on Artificial
               Intelligence and Statistics, {AISTATS} 2010, Chia Laguna Resort, Sardinia,
               Italy, May 13-15, 2010},
  pages     = {289--296},
  year      = {2010}
  }

@inproceedings{petrovicOsborne,
  title={RT to Win! Predicting Message Propagation in {Twitter}},
  author={Petrovic, Sasa and Osborne, Miles and Lavrenko, Victor},
  booktitle={ICWSM},
  year={2011}
}


@inproceedings{sedhain,
  author    = {Suvash Sedhain and
               Scott Sanner and
               Darius Braziunas and
               Lexing Xie and
               Jordan Christensen},
  title     = {Social collaborative filtering for cold-start recommendations},
  booktitle = {Eighth {ACM} Conference on Recommender Systems, RecSys '14, Foster
               City, Silicon Valley, CA, {USA} - October 06 - 10, 2014},
  pages     = {345--348},
  year      = {2014}
}

@inproceedings{somasundaran,
  title={Recognizing stances in ideological on-line debates},
  author={Somasundaran, Swapna and Wiebe, Janyce},
  booktitle={Proceedings of the NAACL HLT 2010 Workshop on Computational Approaches to Analysis and Generation of Emotion in Text},
  pages={116--124},
  year={2010},
  organization={Association for Computational Linguistics}
}

@article{walker,
  author    = {Marilyn A. Walker and
               Pranav Anand and
               Rob Abbott and
               Jean E. Fox Tree and
               Craig H. Martell and
               Joseph King},
  title     = {That is your evidence?: Classifying stance in online political debate},
  journal   = {Decision Support Systems},
  volume    = {53},
  number    = {4},
  pages     = {719--729},
  year      = {2012}
}

@inproceedings{gottipati,
  author    = {Swapna Gottipati and
               Minghui Qiu and
               Liu Yang and
               Feida Zhu and
               Jing Jiang},
  title     = {Predicting User's Political Party Using Ideological Stances},
  booktitle = {Social Informatics - 5th International Conference, SocInfo 2013, Kyoto,
               Japan, November 25-27, 2013, Proceedings},
  pages     = {177--191},
  year      = {2013}
}

@inproceedings{platanios,
  title={Estimating accuracy from unlabeled data},
  author={Platanios, A and Blum, Avrim and Mitchell, Tom M},
  booktitle={In Proceedings of UAI},
  year={2014}
}

@inproceedings{blum,
  title={Combining labeled and unlabeled data with co-training},
  author={Blum, Avrim and Mitchell, Tom},
  booktitle={Proceedings of the eleventh annual conference on Computational learning theory},
  pages={92--100},
  year={1998},
  organization={ACM}
}

@inproceedings{kermack,
  title={A contribution to the mathematical theory of epidemics},
  author={Kermack, William O and McKendrick, Anderson G},
  booktitle={Proceedings of the Royal Society of London A: Mathematical, Physical and Engineering Sciences},
  volume={115},
  pages={700--721},
  year={1927},
  organization={The Royal Society}
}

@article{bermingham,
  title={On using {Twitter} to monitor political sentiment and predict election results},
  author={Bermingham, Adam and Smeaton, Alan F},
  journal={In Proceeding of IJCNLP conference, Chiang Mai, Thailand},
  year={2011}
}

@inproceedings{wangCan,
  title={A system for real-time {Twitter} sentiment analysis of 2012 us presidential election cycle},
  author={Wang, Hao and Can, Dogan and Kazemzadeh, Abe and Bar, Fran{\c{c}}ois and Narayanan, Shrikanth},
  booktitle={Proceedings of the ACL 2012 System Demonstrations},
  pages={115--120},
  year={2012},
  organization={Association for Computational Linguistics}
}

@inproceedings{bakliwal,
  title={Sentiment analysis of political tweets: Towards an accurate classifier},
  author={Bakliwal, Akshat and Foster, Jennifer and van der Puil, Jennifer and O'Brien, Ron and Tounsi, Lamia and Hughes, Mark},
  year={2013},
  organization={Association for Computational Linguistics}
}

@inproceedings{oconnorPolitics,
  author    = {Brendan O'Connor and
               Ramnath Balasubramanyan and
               Bryan R. Routledge and
               Noah A. Smith},
  title     = {From Tweets to Polls: Linking Text Sentiment to Public Opinion Time
               Series},
  booktitle = {Proceedings of the Fourth International Conference on Weblogs and
               Social Media, {ICWSM} 2010, Washington, DC, USA, May 23-26, 2010},
  year      = {2010}
}

@article{ cdcEpidemic,
author    = {CDC},
  title     = {Principles of Epidemiology, Second Edition},
  journal = {Centers for Disease Control and Prevention}
}

@article{newman,
  author    = {Mark E. J. Newman},
  title     = {Networks - An Introduction (2010, Oxford
               University Press.)},
  journal   = {Artificial Life},
  volume    = {18},
  pages     = {241--242},
  year      = {2012}
}

@article{pastor,
  title={Epidemic outbreaks in complex heterogeneous networks},
  author={Moreno, Yamir and Pastor-Satorras, Romualdo and Vespignani, Alessandro},
  journal={The European Physical Journal B-Condensed Matter and Complex Systems},
  volume={26},
  number={4},
  pages={521--529},
  year={2002},
  publisher={Springer}
}

@article{zhangxue,
  title={Predicting stock market indicators through {Twitter}},
  author={Zhang, Xue and Fuehres, Hauke and Gloor, Peter A},
  journal={Procedia-Social and Behavioral Sciences},
  volume={26},
  pages={55--62},
  year={2011},
  publisher={Elsevier}
}

@article{ghiassi,
  author    = {M. Ghiassi and
               J. Skinner and
               D. Zimbra},
  title     = {Twitter brand sentiment analysis: {A} hybrid system using n-gram analysis
               and dynamic artificial neural network},
  journal   = {Expert Syst. Appl.},
  volume    = {40},
  number    = {16},
  pages     = {6266--6282},
  year      = {2013}
}

@article{sarah,
  title={Thesis: Automatic Parody Detection in Sentiment Analysis},
  author={Bull, Sarah},
  year={2010}
}

@article{budak,
  author    = {Ceren Budak and
               Divyakant Agrawal and
               Amr {El Abbadi}},
  title     = {Structural Trend Analysis for Online Social Networks},
  journal   = {{PVLDB}},
  volume    = {4},
  number    = {10},
  pages     = {646--656},
  year      = {2011}
}

@article{eubank,
  title={Modelling disease outbreaks in realistic urban social networks},
  author={Eubank, Stephen and Guclu, Hasan and Kumar, VS Anil and Marathe, Madhav V and Srinivasan, Aravind and Toroczkai, Zoltan and Wang, Nan},
  journal={Nature},
  volume={429},
  number={6988},
  pages={180--184},
  year={2004},
  publisher={Nature Publishing Group}
}

@inproceedings{sadilek,
  author    = {Adam Sadilek and
               Henry A. Kautz and
               Vincent Silenzio},
  title     = {Modeling Spread of Disease from Social Interactions},
  booktitle = {Proceedings of the Sixth International Conference on Weblogs and Social
               Media, Dublin, Ireland, June 4-7, 2012},
  year      = {2012}
}

@INPROCEEDINGS{wangEpidemic, 
author={Yang Wang and Chakrabarti, D. and Chenxi Wang and Faloutsos, C.}, 
booktitle={Reliable Distributed Systems, 2003. Proceedings. 22nd International Symposium on}, 
title={Epidemic spreading in real networks: an eigenvalue viewpoint}, 
year={2003}, 
pages={25-34}
}

@inproceedings{hui,
  author    = {Cindy Hui and
               Yulia Tyshchuk and
               William A. Wallace and
               Malik Magdon{-}Ismail and
               Mark K. Goldberg},
  title     = {Information cascades in social media in response to a crisis: a preliminary
               model and a case study},
  booktitle = {Proceedings of the 21st World Wide Web Conference, {WWW} 2012, Lyon,
               France, April 16-20, 2012 (Companion Volume)},
  pages     = {653--656},
  year      = {2012}
  }

@article{lerman2012social,
  title={Social contagion: An empirical study of information spread on digg and {Twitter} follower graphs},
  author={Lerman, Kristina and Ghosh, Rumi and Surachawala, Tawan},
  journal={arXiv preprint arXiv:1202.3162},
  year={2012}
}

@inproceedings{bauckhage2015viral,
  title={How Viral Are Viral Videos?},
  author={Bauckhage, Christian and Hadiji, Fabian and Kersting, Kristian},
  booktitle={Ninth International AAAI Conference on Web and Social Media},
  year={2015}
}

@INPROCEEDINGS{ishikawa, 
author={Ishikawa, S. and Arakawa, Y. and Tagashira, S. and Fukuda, A.}, 
booktitle={ARCS Workshops (ARCS), 2012}, 
title={Hot topic detection in local areas using {Twitter} and Wikipedia}, 
year={2012}, 
pages={1-5}, 
month={Feb}
}

@inproceedings{tweetmotif,
  author    = {Brendan O'Connor and
               Michel Krieger and
               David Ahn},
  title     = {TweetMotif: Exploratory Search and Topic Summarization for {Twitter}},
  booktitle = {Proceedings of the Fourth International Conference on Weblogs and
               Social Media, {ICWSM} 2010, Washington, DC, USA, May 23-26, 2010},
  year      = {2010}
  }

  @inproceedings{murata,
  author    = {Swit Phuvipadawat and
               Tsuyoshi Murata},
  title     = {Breaking News Detection and Tracking in {Twitter}},
  booktitle = {Proceedings of the 2010 {IEEE/WIC/ACM} International Conference on
               Web Intelligence and International Conference on Intelligent Agent
               Technology - Workshops, Toronto, Canada, August 31 - September 3,
               2010},
  pages     = {120--123},
  year      = {2010}
  }
  
  @inproceedings{becker,
  author    = {Hila Becker and
               Mor Naaman and
               Luis Gravano},
  title     = {Beyond Trending Topics: Real-World Event Identification on Twitter},
  booktitle = {Proceedings of the Fifth International Conference on Weblogs and Social
               Media, Barcelona, Catalonia, Spain, July 17-21, 2011},
  year      = {2011}
  }